@Image{img:read_with_pencil,
  title        = "The Math Major Who Never Reads Math",
  author       = "Ben Orlin",
  URL          = "https://mathwithbaddrawings.com/2015/03/17/the-math-major-who-never-reads-math/",
}
