@Online{ref:napkin,
  author       = "Evan Chen",
  title        = "An Infinitely Large Napkin",
  year         = "2025",
  URL          = "https://venhance.github.io/napkin/Napkin.pdf",
  urldate      = {2025-07-12}, % date of last access
}

@Unpublished{ref:vakil,
  title        = "The Rising Sea: Foundations of Algebraic Geometry",
  author       = "Ravi Vakil",
  year         = "2017",
  month        = "11",
  day          = "17",
  institution  = "Stanford University",
  URL          = "https://math.stanford.edu/~vakil/216blog/",
}
